<record><leader>00000cas a22000007a 4500</leader><controlfield tag="001">11097527</controlfield><controlfield tag="008">840828d1984198uwiuwr ne      0   a0eng d</controlfield><datafield ind1=" " ind2=" " tag="010"><subfield code="a">sn 84006912 </subfield></datafield><datafield ind1=" " ind2=" " tag="040"><subfield code="a">NSD</subfield><subfield code="b">eng</subfield><subfield code="c">NSD</subfield><subfield code="d">NPV</subfield><subfield code="d">NSD</subfield><subfield code="d">OCLCQ</subfield></datafield><datafield ind1=" " ind2=" " tag="012"><subfield code="j">0</subfield><subfield code="m">d</subfield></datafield><datafield ind1="1" ind2=" " tag="022"><subfield code="a">8750-1864</subfield><subfield code="l">8750-1864</subfield><subfield code="2">1</subfield></datafield><datafield ind1=" " ind2=" " tag="037"><subfield code="b">South County Journal Co., P.O. Box 65, Cable, WI 54821</subfield></datafield><datafield ind1=" " ind2=" " tag="042"><subfield code="a">nsdp</subfield></datafield><datafield ind1="0" ind2=" " tag="130"><subfield code="a">South county journal (Cable, Wis.)</subfield></datafield><datafield ind1=" " ind2="0" tag="222"><subfield code="a">South county journal</subfield><subfield code="b">(Cable, Wis.)</subfield></datafield><datafield ind1="1" ind2="0" tag="245"><subfield code="a">South county journal.</subfield></datafield><datafield ind1=" " ind2=" " tag="260"><subfield code="a">Cable, Wis. :</subfield><subfield code="b">South County Journal Co.,</subfield><subfield code="c">1984-</subfield></datafield><datafield ind1=" " ind2=" " tag="300"><subfield code="a">v. :</subfield><subfield code="b">ill.</subfield></datafield><datafield ind1=" " ind2=" " tag="310"><subfield code="a">Weekly</subfield></datafield><datafield ind1="0" ind2=" " tag="362"><subfield code="a">Vol. 1, no. 1 (May 17, 1984)-</subfield></datafield><datafield ind1=" " ind2=" " tag="500"><subfield code="a">Editor: E. Dohl, May 17, 1984-</subfield></datafield><datafield ind1=" " ind2=" " tag="530"><subfield code="a">Available on microfilm from The State Historical Society of Wisconsin.</subfield></datafield><datafield ind1=" " ind2=" " tag="752"><subfield code="a">United States</subfield><subfield code="b">Wisconsin</subfield><subfield code="c">Bayfield</subfield><subfield code="d">Cable.</subfield></datafield><datafield ind1="0" ind2="0" tag="785"><subfield code="t">County journal (Cable, Wis.)</subfield><subfield code="x">1041-9942</subfield><subfield code="w">(DLC)sn 88003514</subfield></datafield><datafield ind1="1" ind2=" " tag="029"><subfield code="a">AU@</subfield><subfield code="b">000025804654</subfield></datafield></record>